<record><leader>00000cas a22000007a 4500</leader><controlfield tag="001">27966107</controlfield><controlfield tag="008">930422d18891898ctudn ne      0    0eng d</controlfield><datafield ind1=" " ind2=" " tag="010"><subfield code="a">sn 93053939 </subfield></datafield><datafield ind1=" " ind2=" " tag="040"><subfield code="a">CNW</subfield><subfield code="b">eng</subfield><subfield code="c">CNW</subfield><subfield code="d">OCLCQ</subfield></datafield><datafield ind1=" " ind2=" " tag="042"><subfield code="a">msc</subfield></datafield><datafield ind1="0" ind2="0" tag="245"><subfield code="a">Torrington daily register.</subfield></datafield><datafield ind1=" " ind2=" " tag="260"><subfield code="a">Torrington, Conn. :</subfield><subfield code="b">Register Print. Co.</subfield></datafield><datafield ind1=" " ind2=" " tag="300"><subfield code="a">v.</subfield></datafield><datafield ind1=" " ind2=" " tag="310"><subfield code="a">Daily (except. Sun.)</subfield></datafield><datafield ind1="1" ind2=" " tag="362"><subfield code="a">Began in 1889; ceased in July 1898.</subfield></datafield><datafield ind1=" " ind2=" " tag="580"><subfield code="a">Weekly ed.: Torrington register (Torrington, Conn. : 1881), 1889-1898.</subfield></datafield><datafield ind1=" " ind2=" " tag="588"><subfield code="a">Description based on: Vol. 3, no. 279 (Aug. 29, 1892).</subfield></datafield><datafield ind1=" " ind2="4" tag="651"><subfield code="a">Torrington (Conn.)</subfield><subfield code="v">Newspapers.</subfield></datafield><datafield ind1=" " ind2="4" tag="651"><subfield code="a">Litchfield County (Conn.)</subfield><subfield code="v">Newspapers.</subfield></datafield><datafield ind1=" " ind2=" " tag="752"><subfield code="a">United States</subfield><subfield code="b">Connecticut</subfield><subfield code="c">Litchfield</subfield><subfield code="d">Torrington.</subfield></datafield><datafield ind1="1" ind2=" " tag="775"><subfield code="t">Torrington register (Torrington, Conn. : 1881)</subfield><subfield code="w">(DLC)sn 93053943</subfield></datafield><datafield ind1="0" ind2="0" tag="785"><subfield code="t">Evening register (Torrington, Conn. : 1898)</subfield><subfield code="w">(DLC)sn 93053940</subfield></datafield><datafield ind1="1" ind2=" " tag="029"><subfield code="a">AU@</subfield><subfield code="b">000020738219</subfield></datafield></record>